@techreport{top-tagging-data,
      title         = "{Constituent-Based Top-Quark Tagging with the ATLAS
                       Detector}",
      institution   = "CERN",
      collaboration = "ATLAS Collaboration",
      address       = "Geneva",
      reportNumber  = "ATL-PHYS-PUB-2022-039",
      year          = "2022",
      url           = "https://cds.cern.ch/record/2825328",
      note          = "All figures including auxiliary figures are available at
                       https://atlas.web.cern.ch/Atlas/GROUPS/PHYSICS/PUBNOTES/ATL-PHYS-PUB-2022-039",
}

@techreport{ATL-PHYS-PUB-2021-028,
      title         = "{Identification of hadronically-decaying top quarks using
                       UFO jets with ATLAS in Run 2}",
      institution   = "CERN",
      collaboration = "ATLAS Collaboration",
      address       = "Geneva",
      reportNumber  = "ATL-PHYS-PUB-2021-028",
      year          = "2021",
      url           = "https://cds.cern.ch/record/2776782",
      note          = "All figures including auxiliary figures are available at
                       https://atlas.web.cern.ch/Atlas/GROUPS/PHYSICS/PUBNOTES/ATL-PHYS-PUB-2021-028",
}

@techreport{ATL-PHYS-PUB-2017-004,
      title         = "{Identification of Hadronically-Decaying W Bosons and Top
                       Quarks Using High-Level Features as Input to Boosted
                       Decision Trees and Deep Neural Networks in ATLAS at
                       $\sqrt{s}$ = 13 TeV}",
      institution   = "CERN",
      collaboration = "ATLAS Collaboration",
      address       = "Geneva",
      reportNumber  = "ATL-PHYS-PUB-2017-004",
      year          = "2017",
      url           = "https://cds.cern.ch/record/2259646",
      note          = "All figures including auxiliary figures are available at
                       https://atlas.web.cern.ch/Atlas/GROUPS/PHYSICS/PUBNOTES/ATL-PHYS-PUB-2017-004",
}

@online{keras,
	title = {Keras: the Python deep learning {API}},
	url = {https://keras.io/},
	urldate = {2022-09-29},
	file = {Keras\: the Python deep learning API:/home/mkidson/Zotero/storage/H75QPJC7/keras.io.html:text/html},
}