@article{Pos_Electron,
  title = {The Positive Electron},
  author = {Anderson, Carl D.},
  journal = {Phys. Rev.},
  volume = {43},
  issue = {6},
  pages = {491--494},
  numpages = {0},
  year = {1933},
  month = {Mar},
  publisher = {American Physical Society},
  doi = {10.1103/PhysRev.43.491},
  url = {https://link.aps.org/doi/10.1103/PhysRev.43.491}
}

@online{BHam_cloud,
	title = {{BHam} Cloud Chamber},
	url = {http://www.ep.ph.bham.ac.uk/twiki/bin/view/General/CloudChamber},
	urldate = {2022-08-15},
	file = {CloudChamber < General < TWiki:C\:\\Users\\miles\\Zotero\\storage\\UVTRYPHB\\CloudChamber.html:text/html},
}