
@online{noauthor_nist_nodate,
	title = {{NIST} {ESTAR} database},
	url = {https://physics.nist.gov/PhysRefData/Star/Text/ESTAR.html},
	urldate = {2022-08-18},
	file = {https\://physics.nist.gov/PhysRefData/Star/Text/ESTAR.html:C\:\\Users\\miles\\Zotero\\storage\\LLIVTXF2\\ESTAR.html:text/html},
}