@misc{nudat,
Author = "National Nuclear Data Center, Brookhaven National Laboratory", 
Title = {NuDat (Nuclear Structure and Decay Data)}, 
Volume = {2022}, 
Number = {16 October 2022}, 
Month = {March 18, 2008}, 
Year = {2008},
url = {www.nndc.bnl.gov/nudat3/} }

@Book{ Knoll,
author = { Knoll, Glenn F. },
title = { Radiation detection and measurement},
edition = { 4th ed. },
publisher = { Wiley New York },
year = { 2010 },
type = { Book }
}