
@online{noauthor_codata_nodate,
	title = {{CODATA} Value: deuteron mass},
	url = {https://physics.nist.gov/cgi-bin/cuu/Value?md},
	urldate = {2022-10-17},
	file = {CODATA Value\: deuteron mass:/home/mkidson/Zotero/storage/KCTUJ9YR/Value.html:text/html},
}
