
@online{noauthor__nodate,
	title = {ðŸ§ª Installation via alibuild Â· {ALICE} Analysis Tutorial},
	url = {https://alice-doc.github.io/alice-analysis-tutorial/building/custom.html},
	urldate = {2022-09-26},
	file = {ðŸ§ª Installation via alibuild Â· ALICE Analysis Tutorial:/home/mkidson/Zotero/storage/Y4DT25UD/custom.html:text/html},
}