
@article{bernstein_charged_2013,
	title = {Charged {Lepton} {Flavor} {Violation}: {An} {Experimenter}'s {Guide}},
	volume = {532},
	issn = {03701573},
	shorttitle = {Charged {Lepton} {Flavor} {Violation}},
	url = {http://arxiv.org/abs/1307.5787},
	doi = {10.1016/j.physrep.2013.07.002},
	number = {2},
	urldate = {2022-10-25},
	journal = {Physics Reports},
	author = {Bernstein, Robert H. and Cooper, Peter S.},
	month = nov,
	year = {2013},
	note = {arXiv:1307.5787 [hep-ex, physics:hep-ph, physics:physics]},
	keywords = {High Energy Physics - Experiment, High Energy Physics - Phenomenology, Physics - Instrumentation and Detectors},
	pages = {27--64},
	file = {arXiv Fulltext PDF:/home/mkidson/Zotero/storage/UZQL2REP/Bernstein and Cooper - 2013 - Charged Lepton Flavor Violation An Experimenter's.pdf:application/pdf;arXiv.org Snapshot:/home/mkidson/Zotero/storage/875P78UZ/1307.html:text/html},
}

@article{de_gouvea_lepton_2013,
	title = {Lepton {Flavor} and {Number} {Conservation}, and {Physics} {Beyond} the {Standard} {Model}},
	volume = {71},
	issn = {01466410},
	url = {http://arxiv.org/abs/1303.4097},
	doi = {10.1016/j.ppnp.2013.03.006},
	urldate = {2022-10-26},
	journal = {Progress in Particle and Nuclear Physics},
	author = {de Gouvea, Andre and Vogel, Petr},
	month = jul,
	year = {2013},
	note = {arXiv:1303.4097 [hep-ph, physics:nucl-th]},
	keywords = {High Energy Physics - Phenomenology, Nuclear Theory},
	pages = {75--92},
	file = {arXiv Fulltext PDF:/home/mkidson/Zotero/storage/F9E8SRMB/de Gouvea and Vogel - 2013 - Lepton Flavor and Number Conservation, and Physics.pdf:application/pdf;arXiv.org Snapshot:/home/mkidson/Zotero/storage/BSI4SNY2/1303.html:text/html},
}

@article{baldini_status_2019,
	title = {Status of the {MEG} {II} experiment at {PSI}},
	volume = {1137},
	issn = {1742-6596},
	url = {https://dx.doi.org/10.1088/1742-6596/1137/1/012028},
	doi = {10.1088/1742-6596/1137/1/012028},
	language = {en},
	number = {1},
	urldate = {2022-10-29},
	journal = {Journal of Physics: Conference Series},
	author = {Baldini, Alessandro M. and Collaboration, on behalf of theMEGII},
	month = jan,
	year = {2019},
	note = {Publisher: IOP Publishing},
	pages = {012028},
	file = {IOP Full Text PDF:/home/mkidson/Zotero/storage/3TN4GF95/Baldini and Collaboration - 2019 - Status of the MEG II experiment at PSI.pdf:application/pdf},
}

@misc{meucci_meg_2022,
	title = {{MEG} {II} experiment status and prospect},
	url = {http://arxiv.org/abs/2201.08200},
	doi = {10.48550/arXiv.2201.08200},
	urldate = {2022-10-29},
	publisher = {arXiv},
	author = {Meucci, Manuel},
	month = jan,
	year = {2022},
	note = {arXiv:2201.08200 [hep-ex, physics:physics]},
	keywords = {High Energy Physics - Experiment, Physics - Instrumentation and Detectors},
	file = {arXiv Fulltext PDF:/home/mkidson/Zotero/storage/BEFEQHGR/Meucci - 2022 - MEG II experiment status and prospect.pdf:application/pdf;arXiv.org Snapshot:/home/mkidson/Zotero/storage/D3ZXPX5Y/2201.html:text/html},
}

@article{ardu_introduction_2022,
	title = {Introduction to {Charged} {Lepton} {Flavour} {Violation}},
	volume = {8},
	issn = {2218-1997},
	url = {http://arxiv.org/abs/2204.08220},
	doi = {10.3390/universe8060299},
	language = {en},
	number = {6},
	urldate = {2022-10-31},
	journal = {Universe},
	author = {Ardu, Marco and Pezzullo, Gianantonio},
	month = may,
	year = {2022},
	note = {arXiv:2204.08220 [hep-ex, physics:hep-ph]},
	keywords = {High Energy Physics - Experiment, High Energy Physics - Phenomenology},
	pages = {299},
	file = {Ardu and Pezzullo - 2022 - Introduction to Charged Lepton Flavour Violation.pdf:/home/mkidson/Zotero/storage/SG8JKVKE/Ardu and Pezzullo - 2022 - Introduction to Charged Lepton Flavour Violation.pdf:application/pdf},
}

@article{bertl_search_2006,
	title = {A search for $\mu$-e conversion in muonic gold},
	volume = {47},
	issn = {1434-6052},
	url = {https://doi.org/10.1140/epjc/s2006-02582-x},
	doi = {10.1140/epjc/s2006-02582-x},
	language = {en},
	number = {2},
	urldate = {2022-10-31},
	journal = {The European Physical Journal C - Particles and Fields},
	author = {Bertl, W. and Engfer, R. and Hermes, E.A. and Kurz, G. and Kozlowski, T. and Kuth, J. and Otter, G. and Rosenbaum, F. and Ryskulov, N.M. and van der Schaaf, A. and Wintz, P. and Zychor, I. and {The SINDRUM II Collaboration}},
	month = aug,
	year = {2006},
	keywords = {Drift Time, Isochron, Muon Decay, Muonic Atom, Sense Wire},
	pages = {337--346},
	file = {Full Text PDF:/home/mkidson/Zotero/storage/DHYEAGQM/Bertl et al. - 2006 - A search for Î¼-e conversion in muonic gold.pdf:application/pdf},
}

@article{bellgardt_search_1988,
	title = {Search for the decay $\mu$+ $\rightarrow$ e+e+e-},
	volume = {299},
	issn = {0550-3213},
	url = {https://www.sciencedirect.com/science/article/pii/0550321388904622},
	doi = {10.1016/0550-3213(88)90462-2},
	language = {en},
	number = {1},
	urldate = {2022-10-31},
	journal = {Nuclear Physics B},
	author = {Bellgardt, U. and Otter, G. and Eichler, R. and Felawka, L. and Niebuhr, C. and Walter, H. K. and Bertl, W. and Lordong, N. and Martino, J. and Egli, S. and Engfer, R. and Grab, Ch. and Grossmann-Handschin, M. and Hermes, E. A. and Kraus, N. and Muheim, F. and Pruys, H. and Van Der Schaaf, A. and Vermeulen, D.},
	month = mar,
	year = {1988},
	pages = {1--6},
	file = {ScienceDirect Snapshot:/home/mkidson/Zotero/storage/WPUK7D3D/0550321388904622.html:text/html},
}

@book{peskin_concepts_2019,
	series = {Oxford {Master} {Series} in {Condensed} {Matter} {Physics} {Series}},
	title = {Concepts of {Elementary} {Particle} {Physics}},
	isbn = {978-0-19-881218-0},
	url = {https://books.google.co.za/books?id=BpGqDwAAQBAJ},
	publisher = {Oxford University Press},
	author = {Peskin, M.E.},
	year = {2019},
}

@article{marciano_charged_2008,
	title = {Charged {Lepton} {Flavor} {Violation} {Experiments}},
	volume = {58},
	issn = {0163-8998, 1545-4134},
	url = {https://www.annualreviews.org/doi/10.1146/annurev.nucl.58.110707.171126},
	doi = {10.1146/annurev.nucl.58.110707.171126},
	language = {en},
	number = {1},
	urldate = {2022-10-31},
	journal = {Annual Review of Nuclear and Particle Science},
	author = {Marciano, William J. and Mori, Toshinori and Roney, J. Michael},
	month = nov,
	year = {2008},
	pages = {315--341},
	file = {Marciano et al. - 2008 - Charged Lepton Flavor Violation Experiments.pdf:/home/mkidson/Zotero/storage/2S7FDWU9/Marciano et al. - 2008 - Charged Lepton Flavor Violation Experiments.pdf:application/pdf},
}
