@online{prac_astronomy,
	title = {Practical Statistics for Astronomers {II}},
	url = {https://ned.ipac.caltech.edu/level5/Wall2/Wal3_4.html},
	urldate = {2022-09-03},
	file = {Practical Statistics for Astronomers II:/home/mkidson/Zotero/storage/YIJ5XMVZ/Wal3_4.html:text/html},
}

@ARTICLE{XRay_energy_spectra,
       author = {{Avni}, Y.},
        title = "{Energy spectra of X-ray clusters of galaxies.}",
      journal = {Astrophysical Journal},
     keywords = {Energy Spectra, Galactic Clusters, Statistical Analysis, X Ray Sources, X Ray Spectra, Computerized Simulation, Monte Carlo Method, Range (Extremes), Spectral Energy Distribution, Spectrum Analysis, Astrophysics},
         year = 1976,
        month = dec,
       volume = {210},
        pages = {642-646},
          doi = {10.1086/154870},
       adsurl = {https://ui.adsabs.harvard.edu/abs/1976ApJ...210..642A},
      adsnote = {Provided by the SAO/NASA Astrophysics Data System}
}