
@online{noauthor_practical_nodate,
	title = {Practical Statistics for Astronomers {II}},
	url = {https://ned.ipac.caltech.edu/level5/Wall2/Wal3_4.html},
	urldate = {2022-09-03},
	file = {Practical Statistics for Astronomers II:/home/mkidson/Zotero/storage/YIJ5XMVZ/Wal3_4.html:text/html},
}